% Encoding: UTF-8

@Article{BET:16,
    author  = {Bali, Turan G. and Engle, Robert F. and Tang, Yi},
    title   = {{D}ynamic {C}onditional {B}eta {I}s {A}live and {W}ell in the {C}ross {S}ection of {D}aily {S}tock {R}eturns},
    journal = {Management Science},
    volume = {63},
    number = {11},
    pages = {3760-3779},
    year = {2017},
}

@Article{PAP:15,
	author = {Paolella, Marc S. and Polak, Pawel},
    title   = {{COMFORT}: {A} common market factor non-{G}aussian returns model},
    journal = {Journal of Econometrics},
    year    = {2015},
    volume  = {187},
    number  = {2},
    pages   = {593-605},
    issn    = {0304-4076},
}

@Article{PAP:15.1,
	author = {Paolella, Marc S. and Polak, Pawel},
	year = {2015},
	month = {01},
	pages = {},
	title = {{P}ortfolio {S}election with {A}ctive {R}isk {M}onitoring},
	journal = {SSRN Electronic Journal},
	doi = {10.2139/ssrn.2616284}
}

@Article{SHU:97,
    author  = {Shumway, Tyler},
    title   = {The {D}elisting {B}ias in {CRSP} {D}ata},
    journal = {The Journal of Finance},
    year    = {1997},
    volume  = {52},
    number  = {1},
    pages   = {327--340},
}

@Misc{KFD:18,
    author = {French, Kenneth R.},
    title = {Kenneth {R}. {F}rench {D}ata {L}ibrary},
    year = {2018},
    url = {http://mba.tuck.dartmouth.edu/pages/faculty/ken.french/data_library.html},
    urldate = {August 18, 2018}
}

@Book{BEM:16,
    author = {Bali, Turan G. and Engle, Robert F. and Murray, Scott},
    title = {{E}mpirical {A}sset {P}ricing: {T}he {C}ross {S}ection of {S}tock {R}eturns},
    publisher = {John Wiley \& Sons, Inc.},
    year = {2016},
    address = {Hoboken, New Jersey}
}

@Article{HUDSON:15,
    author = "Hudson, Robert S. and Gregoriou, Andros",
    title = "{C}alculating and comparing security returns is harder than you think: {A} comparison between logarithmic and simple returns",
    journal = "International Review of Financial Analysis",
    volume = "38",
    pages = "151 - 162",
    year = "2015",
    issn = "1057-5219",
    doi = "10.1016/j.irfa.2014.10.008"
}

@Article{JL:65,
    ISSN = {00346535, 15309142},
    author = {Lintner, John},
    journal = {{T}he {R}eview of {E}conomics and {S}tatistics},
    number = {1},
    pages = {13--37},
    publisher = {The MIT Press},
    title = {The Valuation of Risk Assets and the Selection of Risky Investments in Stock Portfolios and Capital Budgets},
    volume = {47},
    year = {1965}
}

@Article{WS:64,
    title = {{C}APITAL {A}SSET {P}RICES: {A} {T}HEORY OF {M}ARKET {E}QUILIBRIUM UNDER {C}ONDITIONS OF {R}ISK},
    author = {Sharpe, William},
    year = {1964},
    journal = {Journal of Finance},
    volume = {19},
    number = {3},
    pages = {425-442}
}

@Article{FF:04,
    Author = {Fama, Eugene F. and French, Kenneth R.},
    Title = {{T}he {C}apital {A}sset {P}ricing {M}odel: {T}heory and {E}vidence},
    Journal = {Journal of Economic Perspectives},
    Volume = {18},
    Number = {3},
    Year = {2004},
    Month = {September},
    Pages = {25-46},
    DOI = {10.1257/0895330042162430}
}

@Article{EN:02,
	author = {Engle, Robert F.},
	title = {{D}ynamic {C}onditional {C}orrelation},
	journal = {Journal of Business \& Economic Statistics},
	volume = {20},
	number = {3},
	pages = {339-350},
	year  = {2002},
	publisher = {Taylor & Francis},
	DOI = {10.1198/073500102288618487},
}

@Book{FO:15,
	title =     {{A}pplied {R}egression {A}nalysis and {G}eneralized {L}inear {M}odels},
	author =    {Fox, John},
	publisher = {SAGE Publ.},
	year =      {2015},
	edition =   {3rd}
}

@Article{EJP:03,
    title =     {{T}he {I}mpact of {J}umps in {V}olatility and {R}eturns},
    author =    {Eraker, Bj√∏rn and Johannes, Michael and Polson, Nicholas},
    year =      {2003},  
    journal =   {Journal of Finance}, 
    volume =    {58},
    number =    {3},
    pages =     {1269-1300}
}

@Article{YA:02,
	author = "Amihud, Yakov",
	title = "{I}lliquidity and stock returns: cross-section and time-series effects",
	journal = "Journal of Financial Markets",
	volume = "5",
	number = "1",
	pages = "31 - 56",
	year = "2002",
	issn = "1386-4181"
}

@Article{FA:15,
	author = "Fama, Eugene F. and French, Kenneth R.",
	title = "{A} five-factor asset pricing model",
	journal = "Journal of Financial Economics",
	volume = "116",
	number = "1",
	pages = "1 - 22",
	year = "2015",
	issn = "0304-405X"
}

@Misc{API:WRDS,
	author = {{The Wharton School}},
	title = {{W}harton {R}esearch {D}ata {S}ervices {API}},
	year = {2018},
	url = {https://wrds-web.wharton.upenn.edu/wrds/},
	urldate = {2018-08-12}
}

@Article{ES:01,
	author = "Engle, Robert F. and Sheppard, Kevin",
	title = "{T}heoretical and {E}mpirical properties of {D}ynamic {C}onditional {C}orrelation {M}ultivariate {GARCH}",
	institution = "National Bureau of Economic Research",
	type = "Working Paper",
	series = "Working Paper Series",
	number = "8554",
	year = "2001"
}

@Book{QRM:15,
	author = {McNeil, Alexander J. and Frey, Rdiger and Embrechts, Paul},
	title = {Quantitative Risk Management: Concepts, Techniques and Tools},
	year = {2015},
	publisher = {Princeton University Press}
}

@Book{KOTZ:01,
	author = {Kotz, Samuel and Kozubowski, Tomasz and Podgorski, Krzysztof},
	year = {2001},
	month = {01},
	pages = {},
	title = {The Laplace Distribution and Generalizations: A Revisit with Applications to Communications, Economics, Engineering, and Finance},
	doi = {10.1007/978-1-4612-0173-1}
}